@inproceedings{levina2001earth,
  title={The earth mover's distance is the Mallows distance: some insights from statistics},
  author={Levina, Elizaveta and Bickel, Peter},
  booktitle={Computer Vision, 2001. ICCV 2001. Proceedings. Eighth IEEE International Conference on},
  volume={2},
  pages={251--256},
  year={2001},
  organization={IEEE}
}

@article{sheorey2008car,
  title={CAR-TR-1025 CS-TR-4908 UMIACS-TR-2008-06},
  author={Sheorey, Sameer and Jacobs, David W},
  year={2008}
}

@book{meyer1992wavelets,
  title={Wavelets and operators},
  author={Meyer, Yves and Salinger, David H},
  volume={37},
  year={1992},
  publisher={Cambridge Univ Press}
}